%---------------------------------------------------------------------------%
%-                                                                         -%
%-                             Bibliography                                -%
%-                                                                         -%
%---------------------------------------------------------------------------%

@inproceedings{jagannatha2016structured,
  title={Structured prediction models for RNN based sequence labeling in clinical text},
  author={Jagannatha, Abhyuday N and Yu, Hong},
  booktitle={Proceedings of the Conference on Empirical Methods in Natural Language Processing. Conference on Empirical Methods in Natural Language Processing},
  volume={2016},
  pages={856},
  year={2016},
  organization={NIH Public Access}
}

@article{lample2016neural,
  title={Neural architectures for named entity recognition},
  author={Lample, Guillaume and Ballesteros, Miguel and Subramanian, Sandeep and Kawakami, Kazuya and Dyer, Chris},
  journal={arXiv preprint arXiv:1603.01360},
  year={2016}
}

@inproceedings{bikel1997nymble,
  title={Nymble: a high-performance learning name-finder},
  author={Bikel, Daniel M and Miller, Scott and Schwartz, Richard and Weischedel, Ralph},
  booktitle={Proceedings of the fifth conference on Applied natural language processing},
  pages={194--201},
  year={1997},
  organization={Association for Computational Linguistics}
}

@inproceedings{liu2005product,
  title={Product named entity recognition based on hierarchical hidden Markov model},
  author={Liu, Feifan and Zhao, Jun and Lv, Bibo and Xu, Bo and Yu, Hao},
  booktitle={Proceedings of the Fourth SIGHAN Workshop on Chinese Language Processing},
  year={2005}
}

@article{tsai2004mencius,
  title={Mencius: A Chinese named entity recognizer using the maximum entropy-based hybrid model},
  author={Tsai, Tzong-Han and Wu, Shih-Hung and Lee, Cheng-Wei and Shih, Cheng-Wei and Hsu, Wen-Lian},
  journal={International Journal of Computational Linguistics \& Chinese Language Processing, Volume 9, Number 1, February 2004: Special Issue on Selected Papers from ROCLING XV},
  volume={9},
  number={1},
  pages={65--82},
  year={2004}
}

@inproceedings{mikheev1998description,
  title={Description of the LTG system used for MUC-7},
  author={Mikheev, Andrei and Grover, Claire and Moens, Marc},
  booktitle={Seventh Message Understanding Conference (MUC-7): Proceedings of a Conference Held in Fairfax, Virginia, April 29-May 1, 1998},
  year={1998}
}

@inproceedings{asahara2003japanese,
  title={Japanese named entity extraction with redundant morphological analysis},
  author={Asahara, Masayuki and Matsumoto, Yuji},
  booktitle={Proceedings of the 2003 Conference of the North American Chapter of the Association for Computational Linguistics on Human Language Technology-Volume 1},
  pages={8--15},
  year={2003},
  organization={Association for Computational Linguistics}
}

@incollection{leaman2008banner,
  title={BANNER: an executable survey of advances in biomedical named entity recognition},
  author={Leaman, Robert and Gonzalez, Graciela},
  booktitle={Biocomputing 2008},
  pages={652--663},
  year={2008},
  publisher={World Scientific}
}

@inproceedings{finkel2005incorporating,
  title={Incorporating non-local information into information extraction systems by gibbs sampling},
  author={Finkel, Jenny Rose and Grenager, Trond and Manning, Christopher},
  booktitle={Proceedings of the 43rd annual meeting on association for computational linguistics},
  pages={363--370},
  year={2005},
  organization={Association for Computational Linguistics}
}

@inproceedings{mccallum2003early,
  title={Early results for named entity recognition with conditional random fields, feature induction and web-enhanced lexicons},
  author={McCallum, Andrew and Li, Wei},
  booktitle={Proceedings of the seventh conference on Natural language learning at HLT-NAACL 2003-Volume 4},
  pages={188--191},
  year={2003},
  organization={Association for Computational Linguistics}
}

@inproceedings{sekine1998decision,
  title={A decision tree method for finding and classifying names in Japanese texts},
  author={Sekine, Satoshi and Grishman, Ralph and Shinnou, Hiroyuki},
  booktitle={Sixth Workshop on Very Large Corpora},
  year={1998}
}

@article{hochreiter1997long,
  title={Long short-term memory},
  author={Hochreiter, Sepp and Schmidhuber, J{\"u}rgen},
  journal={Neural computation},
  volume={9},
  number={8},
  pages={1735--1780},
  year={1997},
  publisher={MIT Press}
}

@article{zaremba2014recurrent,
  title={Recurrent neural network regularization},
  author={Zaremba, Wojciech and Sutskever, Ilya and Vinyals, Oriol},
  journal={arXiv preprint arXiv:1409.2329},
  year={2014}
}

@inproceedings{sak2014long,
  title={Long short-term memory recurrent neural network architectures for large scale acoustic modeling},
  author={Sak, Ha{\c{s}}im and Senior, Andrew and Beaufays, Fran{\c{c}}oise},
  booktitle={Fifteenth annual conference of the international speech communication association},
  year={2014}
}

@article{greff2017lstm,
  title={LSTM: A search space odyssey},
  author={Greff, Klaus and Srivastava, Rupesh K and Koutn{\'\i}k, Jan and Steunebrink, Bas R and Schmidhuber, J{\"u}rgen},
  journal={IEEE transactions on neural networks and learning systems},
  volume={28},
  number={10},
  pages={2222--2232},
  year={2017},
  publisher={IEEE}
}

@article{cho2014learning,
  title={Learning phrase representations using RNN encoder-decoder for statistical machine translation},
  author={Cho, Kyunghyun and Van Merri{\"e}nboer, Bart and Gulcehre, Caglar and Bahdanau, Dzmitry and Bougares, Fethi and Schwenk, Holger and Bengio, Yoshua},
  journal={arXiv preprint arXiv:1406.1078},
  year={2014}
}

@article{collobert2011natural,
  title={Natural language processing (almost) from scratch},
  author={Collobert, Ronan and Weston, Jason and Bottou, L{\'e}on and Karlen, Michael and Kavukcuoglu, Koray and Kuksa, Pavel},
  journal={Journal of Machine Learning Research},
  volume={12},
  number={Aug},
  pages={2493--2537},
  year={2011}
}

@article{huang2015bidirectional,
  title={Bidirectional LSTM-CRF models for sequence tagging},
  author={Huang, Zhiheng and Xu, Wei and Yu, Kai},
  journal={arXiv preprint arXiv:1508.01991},
  year={2015}
}

@article{ma2016end,
  title={End-to-end sequence labeling via bi-directional lstm-cnns-crf},
  author={Ma, Xuezhe and Hovy, Eduard},
  journal={arXiv preprint arXiv:1603.01354},
  year={2016}
}

@inproceedings{wu2015study,
  title={A study of neural word embeddings for named entity recognition in clinical text},
  author={Wu, Yonghui and Xu, Jun and Jiang, Min and Zhang, Yaoyun and Xu, Hua},
  booktitle={AMIA Annual Symposium Proceedings},
  volume={2015},
  pages={1326},
  year={2015},
  organization={American Medical Informatics Association}
}

@article{lafferty2001conditional,
  title={Conditional random fields: Probabilistic models for segmenting and labeling sequence data},
  author={Lafferty, John and McCallum, Andrew and Pereira, Fernando CN},
  year={2001}
}

@inproceedings{isozaki2002efficient,
  title={Efficient support vector classifiers for named entity recognition},
  author={Isozaki, Hideki and Kazawa, Hideto},
  booktitle={Proceedings of the 19th international conference on Computational linguistics-Volume 1},
  pages={1--7},
  year={2002},
  organization={Association for Computational Linguistics}
}

@article{bengio2003neural,
  title={A neural probabilistic language model},
  author={Bengio, Yoshua and Ducharme, R{\'e}jean and Vincent, Pascal and Jauvin, Christian},
  journal={Journal of machine learning research},
  volume={3},
  number={Feb},
  pages={1137--1155},
  year={2003}
}

@inproceedings{mikolov2010recurrent,
  title={Recurrent neural network based language model},
  author={Mikolov, Tom{\'a}{\v{s}} and Karafi{\'a}t, Martin and Burget, Luk{\'a}{\v{s}} and {\v{C}}ernock{\`y}, Jan and Khudanpur, Sanjeev},
  booktitle={Eleventh Annual Conference of the International Speech Communication Association},
  year={2010}
}

@inproceedings{mikolov2013distributed,
  title={Distributed representations of words and phrases and their compositionality},
  author={Mikolov, Tomas and Sutskever, Ilya and Chen, Kai and Corrado, Greg S and Dean, Jeff},
  booktitle={Advances in neural information processing systems},
  pages={3111--3119},
  year={2013}
}

@article{mikolov2013efficient,
  title={Efficient estimation of word representations in vector space},
  author={Mikolov, Tomas and Chen, Kai and Corrado, Greg and Dean, Jeffrey},
  journal={arXiv preprint arXiv:1301.3781},
  year={2013}
}

@book{宗成庆2013统计自然语言处理,
  title={统计自然语言处理},
  author={宗成庆},
  address={北京},
  publisher={清华大学出版社},
  year={2013},
}

@book{李航2012统计学习方法,
  title={统计学习方法},
  author={李航},
  address={北京},
  publisher={清华大学出版社},
  year={2012},
}

@article{王世昆2009基于条件随机场的中医命名实体识别,
  title={基于条件随机场的中医命名实体识别},
  author={王世昆 and 李绍滋 and 陈彤生},
  journal={厦门大学学报(自然版)},
  volume={48},
  number={3},
  pages={359-364},
  year={2009},
}

@article{刘凯2014基于条件随机场的中医临床病历命名实体抽取,
  title={基于条件随机场的中医临床病历命名实体抽取},
  author={刘凯 and 周雪忠 and 于剑 and 张润顺},
  journal={计算机工程},
  number={9},
  pages={312-316},
  year={2014},
}

@article{孟洪宇2015基于条件随机场的《伤寒论》中医术语自动识别,
  title={基于条件随机场的《伤寒论》中医术语自动识别},
  author={孟洪宇 and 谢晴宇 and 常虹 and 孟庆刚},
  journal={北京中医药大学学报},
  volume={38},
  number={9},
  pages={587-590},
  year={2015},
}

@article{万静2016基于条件随机场的医药领域症状信息抽取,
  title={基于条件随机场的医药领域症状信息抽取},
  author={万静 and 涂喆 and 冯晓},
  journal={北京化工大学学报(自然科学版)},
  volume={43},
  number={1},
  pages={98-103},
  year={2016},
}

@article{叶辉2016基于多特征条件随机场的《金匮要略》症状药物信息抽取研究,
  title={基于多特征条件随机场的《金匮要略》症状药物信息抽取研究},
  author={叶辉 and 姬东鸿},
  journal={中国中医药图书情报杂志},
  volume={40},
  number={5},
  pages={14-17},
  year={2016},
}

@article{孟洪宇2014基于条件随机场的中医术语抽取方法及其应用探析,
  title={基于条件随机场的中医术语抽取方法及其应用探析},
  author={孟洪宇 and 孟庆刚},
  journal={中华中医药学刊},
  number={10},
  pages={2334-2337},
  year={2014},
}

@article{张华平2004基于角色标注的中国人名自动识别研究,
  title={基于角色标注的中国人名自动识别研究},
  author={张华平 and 刘群},
  journal={计算机学报},
  volume={27},
  number={1},
  pages={85-91},
  year={2004},
}

@article{俞鸿魁2006基于层叠隐马尔可夫模型的中文命名实体识别,
  title={基于层叠隐马尔可夫模型的中文命名实体识别},
  author={俞鸿魁 and 张华平 and 刘群 and 吕学强 and 施水才},
  journal={通信学报},
  volume={27},
  number={2},
  pages={87-94},
  year={2006},
}

@inproceedings{nguyen2016joint,
  title={Joint event extraction via recurrent neural networks},
  author={Nguyen, Thien Huu and Cho, Kyunghyun and Grishman, Ralph},
  booktitle={Proceedings of the 2016 Conference of the North American Chapter of the Association for Computational Linguistics: Human Language Technologies},
  pages={300--309},
  year={2016}
}

@article{miwa2016end,
  title={End-to-end relation extraction using lstms on sequences and tree structures},
  author={Miwa, Makoto and Bansal, Mohit},
  journal={arXiv preprint arXiv:1601.00770},
  year={2016}
}

@phdthesis{吴友政2006汉语问答系统关键技术研究,
  title={汉语问答系统关键技术研究},
  author={吴友政},
  address={北京},
  school={中国科学院自动化研究所},
  year={2006},
}

@phdthesis{隋臣2017基于深度学习的中文命名实体识别研究,
  title={基于深度学习的中文命名实体识别研究},
  author={隋臣},
  school={浙江大学},
  address={杭州},
  year={2017}
}

@article{hinton2009deep,
  title={Deep belief networks},
  author={Hinton, Geoffrey E},
  journal={Scholarpedia},
  volume={4},
  number={5},
  pages={5947},
  year={2009}
}

@inproceedings{krizhevsky2012imagenet,
  title={Imagenet classification with deep convolutional neural networks},
  author={Krizhevsky, Alex and Sutskever, Ilya and Hinton, Geoffrey E},
  booktitle={Advances in neural information processing systems},
  pages={1097--1105},
  year={2012}
}

@inproceedings{sermanet2012convolutional,
  title={Convolutional neural networks applied to house numbers digit classification},
  author={Sermanet, Pierre and Chintala, Soumith and LeCun, Yann},
  booktitle={Pattern Recognition (ICPR), 2012 21st International Conference on},
  pages={3288--3291},
  year={2012},
  organization={IEEE}
}

@article{lecun1998gradient,
  title={Gradient-based learning applied to document recognition},
  author={LeCun, Yann and Bottou, L{\'e}on and Bengio, Yoshua and Haffner, Patrick},
  journal={Proceedings of the IEEE},
  volume={86},
  number={11},
  pages={2278--2324},
  year={1998},
  publisher={IEEE}
}

@inproceedings{hinton1986learning,
  title={Learning distributed representations of concepts},
  author={Hinton, Geoffrey E},
  booktitle={Proceedings of the eighth annual conference of the cognitive science society},
  volume={1},
  pages={12},
  year={1986},
  organization={Amherst, MA}
}

@article{hinton1986distributed,
  title={Distributed representations},
  author={Hinton, Geoffrey E and McClelland, James L and Rumelhart, David E and others},
  journal={Parallel distributed processing: Explorations in the microstructure of cognition},
  volume={1},
  number={3},
  pages={77--109},
  year={1986}
}

@misc{arunmallyaLSTM,
   author = {Arun Mallya},
   title = {LSTM},
   howpublished = {\url{http://www.tp-ontrol.hu/index.php/TP_Toolbox}}
}

@article{srivastava2014dropout,
  title={Dropout: A simple way to prevent neural networks from overfitting},
  author={Srivastava, Nitish and Hinton, Geoffrey and Krizhevsky, Alex and Sutskever, Ilya and Salakhutdinov, Ruslan},
  journal={The Journal of Machine Learning Research},
  volume={15},
  number={1},
  pages={1929--1958},
  year={2014},
  publisher={JMLR. org}
}
